<?xml version="1.0" encoding="UTF-8"?><collection xmlns="http://www.loc.gov/MARC21/slim"><record><leader>00325nam--2200121-i-4500</leader><controlfield tag="001">000043274</controlfield><controlfield tag="002">20161230</controlfield><controlfield tag="005">20161230201044</controlfield><controlfield tag="008">060222s1000------------r-----000-0-eng-d</controlfield><datafield ind1=" " ind2=" " tag="100"><subfield code="a">Swamy,N.K.A</subfield></datafield><datafield ind1=" " ind2=" " tag="245"><subfield code="a">Uber den elktrischen widerstand metallische schmelzen</subfield></datafield><datafield ind1=" " ind2=" " tag="260"><subfield code="a">Stuttgart, Techn.Hochschulel, 1961. 13 P</subfield></datafield><datafield ind1=" " ind2=" " tag="852"><subfield code="a">3171</subfield></datafield></record></collection>